@Book {moyses,
    author = {Moysés},
    title = {Curso de Física Básica - Vol. 1},
    year = {2010}
}

@Book{jackson1999classical,
 author = {Jackson, John},
 title = {Classical electrodynamics},
 publisher = {Wiley},
 year = {1999},
 address = {New York},
 isbn = {978-0471309321}
 }
 
 @Book{sakurai2021modern,
 author = {Sakurai, J. J.},
 title = {Modern quantum mechanics},
 publisher = {Cambridge University Press},
 year = {2021},
 address = {New York},
 isbn = {978-1108473224}
 }
 
 @article{shannon,
  title={A Mathematical Theory of Communication},
  author={Shannon, Claude},
  journal={The Bell System Technical Journal},
  volume={27},
  pages={379--423},
  year={1948},
}


@MISC{
        zero20,
        TITLE = "O que é um analítico de vídeo?",
        HOWPUBLISHED = {\url{http://www.protech-rs.com.br/blog/2017/03/02/o-que-e-um-analitico-de-video/}},
}